@article{wittgenstein1953philosophical,
  title={Philosophical investigations. Philosophische Untersuchungen.},
  author={Wittgenstein, Ludwig},
  year={1953},
  journal={Blackwell Publishing}
}

@article{quine1951main,
  title={Main trends in recent philosophy: Two dogmas of empiricism},
  author={Quine, Willard Van Orman},
  journal={The philosophical review},
  pages={20--43},
  year={1951},
}
